@online{1,
title = {{Tridge Co., Ltd.(2020)}},

Note = {Accessed: Aug. 12, 2021},

    url={https://www.tridge.com/intelligences/tomato/production}
}
@article{2,
	title = {{A Review of the Most Common and Economically Important Diseases That Undermine the Cultivation of Tomato Crop in the Mediterranean Basin}},
    author = {Panno, Stefano and Davino, Salvatore and Caruso, A. and Bertacca, Sofia and Crnogorac, Ana and Mandić, Anamarija and Noris, Emanuela and Matić, Slavica},
	journal = {Agronomy},
	month = {10},
	number = {11},
	pages = {2188},
	publisher = {MDPI},
	volume = {11},
	year = {2021},
	doi = {10.3390/agronomy11112188},
	url = {https://www.mdpi.com/2073-4395/11/11/2188/pdf?version=1637742798}
}
@article{3,
  title={Plant disease detection and classification by deep learning—a review},
  author={Li, Lili and Zhang, Shujuan and Wang, Bin},
  journal={IEEE Access},
  volume={9},
  pages={56683--56698},
  year={2021},
  publisher={IEEE},
  url={https://ieeexplore.ieee.org/abstract/document/9399342}
}
@article{4, 
    title={Machine Learning in Agriculture: A Review}, 
    volume={18}, 
    ISSN={1424-8220}, 
    url={http://dx.doi.org/10.3390/s18082674}, 
    DOI={10.3390/s18082674}, 
    number={8}, 
    journal={Sensors}, 
    publisher={MDPI AG}, 
    author={Liakos, Konstantinos and Busato, Patrizia and Moshou, Dimitrios and Pearson, Simon and Bochtis, Dionysis}, 
    year={2018}, 
    month={Aug}, 
    pages={2674} 
}
@article{5,
    title = {Deep learning in agriculture: A survey},
    journal = {Computers and Electronics in Agriculture},
    volume = {147},
    pages = {70-90},
    year = {2018},
    issn = {0168-1699},
    doi = {https://doi.org/10.1016/j.compag.2018.02.016},
    url = {https://www.sciencedirect.com/science/article/pii/S0168169917308803},
    author = {Andreas Kamilaris and Francesc X. Prenafeta-Boldú},
    keywords = {Deep learning, Agriculture, Survey, Convolutional Neural Networks, Recurrent Neural Networks, Smart farming, Food systems},
}
@article{6,
  title={Imagenet classification with deep convolutional neural networks},
  author={Krizhevsky, Alex and Sutskever, Ilya and Hinton, Geoffrey E},
  journal={Communications of the ACM},
  volume={60},
  number={6},
  pages={84--90},
  year={2017},
  publisher={AcM New York, NY, USA},
  url={https://dl.acm.org/doi/abs/10.1145/3065386}
}
@InProceedings{7,
author = {Huang, Gao and Liu, Zhuang and van der Maaten, Laurens and Weinberger, Kilian Q.},
title = {Densely Connected Convolutional Networks},
booktitle = {Proceedings of the IEEE Conference on Computer Vision and Pattern Recognition (CVPR)},
month = {July},
year = {2017},
url={https://openaccess.thecvf.com/content_cvpr_2017/html/Huang_Densely_Connected_Convolutional_CVPR_2017_paper.html}
}

@InProceedings{8,
  title = 	 {{E}fficient{N}et: Rethinking Model Scaling for Convolutional Neural Networks},
  author =       {Tan, Mingxing and Le, Quoc},
  booktitle = 	 {Proceedings of the 36th International Conference on Machine Learning},
  pages = 	 {6105--6114},
  year = 	 {2019},
  editor = 	 {Chaudhuri, Kamalika and Salakhutdinov, Ruslan},
  volume = 	 {97},
  series = 	 {Proceedings of Machine Learning Research},
  month = 	 {09--15 Jun},
  publisher =    {PMLR},
  pdf = 	 {http://proceedings.mlr.press/v97/tan19a/tan19a.pdf},
  url = 	 {https://proceedings.mlr.press/v97/tan19a.html}
}
@InProceedings{9,
  author={Szegedy, Christian and Wei Liu and Yangqing Jia and Sermanet, Pierre and Reed, Scott and Anguelov, Dragomir and Erhan, Dumitru and Vanhoucke, Vincent and Rabinovich, Andrew},
  booktitle={2015 IEEE Conference on Computer Vision and Pattern Recognition (CVPR)}, 
  title={Going deeper with convolutions}, 
  year={2015},
  volume={},
  number={},
  pages={1-9},
  doi={10.1109/CVPR.2015.7298594},
  url={https://ieeexplore.ieee.org/document/7298594}
  }
@misc{10,
      title={MobileNets: Efficient Convolutional Neural Networks for Mobile Vision Applications}, 
      author={Andrew G. Howard and Menglong Zhu and Bo Chen and Dmitry Kalenichenko and Weijun Wang and Tobias Weyand and Marco Andreetto and Hartwig Adam},
      year={2017},
      eprint={1704.04861},
      archivePrefix={arXiv},
      primaryClass={cs.CV},
      url={https://arxiv.org/abs/1704.04861}
}
@InProceedings{11,
  author={Sandler, Mark and Howard, Andrew and Zhu, Menglong and Zhmoginov, Andrey and Chen, Liang-Chieh},
  booktitle={2018 IEEE/CVF Conference on Computer Vision and Pattern Recognition}, 
  title={MobileNetV2: Inverted Residuals and Linear Bottlenecks}, 
  year={2018},
  volume={},
  number={},
  pages={4510-4520},
  doi={10.1109/CVPR.2018.00474},
  url={https://ieeexplore.ieee.org/document/8578572}
}
@InProceedings{12,
author = {Zoph, Barret and Vasudevan, Vijay and Shlens, Jonathon and Le, Quoc V.},
title = {Learning Transferable Architectures for Scalable Image Recognition},
booktitle = {Proceedings of the IEEE Conference on Computer Vision and Pattern Recognition (CVPR)},
month = {June},
year = {2018},
pages={8697–8710},
url={https://openaccess.thecvf.com/content_cvpr_2018/html/Zoph_Learning_Transferable_Architectures_CVPR_2018_paper.html}
}
@InProceedings{13,
  author={He, Kaiming and Zhang, Xiangyu and Ren, Shaoqing and Sun, Jian},
  booktitle={2016 IEEE Conference on Computer Vision and Pattern Recognition (CVPR)}, 
  title={Deep Residual Learning for Image Recognition}, 
  year={2016},
  volume={},
  number={},
  pages={770-778},
  doi={10.1109/CVPR.2016.90},
  url={https://ieeexplore.ieee.org/document/7780459}
}
@article{14,
  author    = {Forrest N. Iandola and
               Matthew W. Moskewicz and
               Khalid Ashraf and
               Song Han and
               William J. Dally and
               Kurt Keutzer},
  title     = {SqueezeNet: AlexNet-level accuracy with 50x fewer parameters and {\textless}1MB
               model size},
  journal   = {CoRR},
  volume    = {abs/1602.07360},
  year      = {2016},
  url       = {http://arxiv.org/abs/1602.07360},
  eprinttype = {arXiv},
  eprint    = {1602.07360},
  timestamp = {Fri, 20 Nov 2020 16:16:06 +0100},
  biburl    = {https://dblp.org/rec/journals/corr/IandolaMAHDK16.bib},
  bibsource = {dblp computer science bibliography, https://dblp.org}
}
@article{15,
  title={Very deep convolutional networks for large-scale image recognition},
  author={Simonyan, Karen and Zisserman, Andrew},
  journal={arXiv preprint arXiv:1409.1556},
  year={2014}
}
@inbook{16,
    title={{Handbook of Research on Machine Learning Applications and Trends: Algorithms, Methods, and Techniques}},
    chapter={Transfer Learning},
	author = {Torrey, Lisa and Shavlik, Jude W.},
	month = {1},
	pages = {242-264},
	publisher = {IGI Global},
	year = {2010},
	doi = {10.4018/978-1-60566-766-9.ch011},
    url={https://www.igi-global.com/chapter/transfer-learning/36988}
}
@article{17,
  author    = {David P. Hughes and
               Marcel Salath{\'{e}}},
  title     = {An open access repository of images on plant health to enable the
               development of mobile disease diagnostics through machine learning
               and crowdsourcing},
  journal   = {CoRR},
  volume    = {abs/1511.08060},
  year      = {2015},
  url       = {http://arxiv.org/abs/1511.08060},
  eprinttype = {arXiv},
  eprint    = {1511.08060},
  timestamp = {Mon, 13 Aug 2018 16:48:21 +0200},
  biburl    = {https://dblp.org/rec/journals/corr/HughesS15.bib},
  bibsource = {dblp computer science bibliography, https://dblp.org}
}
@article{18, 
    author={S. P. Mohanty and D. P. Hughes and M. Salathé},
    title={Using Deep Learning for Image-Based Plant Disease Detection}, 
    url={https://www.frontiersin.org/articles/10.3389/fpls.2016.01419}, 
    journal={Frontiers in Plant Science}, 
    volume={7},
    pages={1419},
    year={Sep. 2016}, 
}
@article{19,
	author = {Rehman, Zia Ur and Khan, Muhammad Shahzeb and Ahmed, Faruque and Damaševičius, Robertas and Naqvi, Syed Ali Raza and Nisar, Wasif and Javed, Kashif},
	journal = {IET Image Processing},
	number = {10},
	pages = {2157--2168},
	publisher = {Institution of Engineering and Technology},
	title = {{Recognizing apple leaf diseases using a novel parallel real‐time processing framework based on MASK RCNN and transfer learning: An application for smart agriculture}},
	volume = {15},
	year = {2021},
	doi = {10.1049/ipr2.12183},
	url = {https://onlinelibrary.wiley.com/doi/pdfdirect/10.1049/ipr2.12183},
}
@article{20,
	author = {Abayomi-Alli, Olusola and Damaševičius, Robertas and Misra, Sanjay and Maskeliunas, Rytis},
	journal = {Expert Systems},
	number = {7},
	publisher = {Wiley-Blackwell},
	title = {{Cassava disease recognition from low‐quality images using enhanced data augmentation model and deep learning}},
	volume = {38},
    pages={e12746},
	year = {2021},
	doi = {10.1111/exsy.12746},
    url={https://onlinelibrary.wiley.com/doi/abs/10.1111/exsy.12746}
}
@article{21,
    title = {An optimized dense convolutional neural network model for disease recognition and classification in corn leaf},
    journal = {Computers and Electronics in Agriculture},
    volume = {175},
    pages = {105456},
    month={Aug.},
    year = {2020},
    issn = {0168-1699},
    doi = {https://doi.org/10.1016/j.compag.2020.105456},
    url = {https://www.sciencedirect.com/science/article/pii/S0168169920302180},
    author = {Abdul Waheed and Muskan Goyal and Deepak Gupta and Ashish Khanna and Aboul Ella Hassanien and Hari Mohan Pandey},
}
@article{22,
    title = {Cucumber leaf disease identification with global pooling dilated convolutional neural network},
    journal = {Computers and Electronics in Agriculture},
    volume = {162},
    pages = {422-430},
    year = {2019},
    issn = {0168-1699},
    doi = {https://doi.org/10.1016/j.compag.2019.03.012},
    url = {https://www.sciencedirect.com/science/article/pii/S0168169918317976},
    author = {Shanwen Zhang and Subing Zhang and Chuanlei Zhang and Xianfeng Wang and Yun Shi},
}
@ARTICLE{23,
  author={Liu, Bin and Tan, Cheng and Li, Shuqin and He, Jinrong and Wang, Hongyan},
  journal={IEEE Access}, 
  title={A Data Augmentation Method Based on Generative Adversarial Networks for Grape Leaf Disease Identification}, 
  year={2020},
  volume={8},
  number={},
  pages={102188-102198},
  doi={10.1109/ACCESS.2020.2998839},
  url={https://ieeexplore.ieee.org/abstract/document/9104723}
  }
@ARTICLE{24,
  author={Zhang, Xihai and Qiao, Yue and Meng, Fanfeng and Fan, Chengguo and Zhang, Mingming},
  journal={IEEE Access}, 
  title={Identification of Maize Leaf Diseases Using Improved Deep Convolutional Neural Networks}, 
  year={2018},
  volume={6},
  number={},
  pages={30370-30377},
  doi={10.1109/ACCESS.2018.2844405},
  url={https://ieeexplore.ieee.org/abstract/document/8374024}
  }
@ARTICLE{25,
  author={Singh, Uday Pratap and Chouhan, Siddharth Singh and Jain, Sukirty and Jain, Sanjeev},
  journal={IEEE Access}, 
  title={Multilayer Convolution Neural Network for the Classification of Mango Leaves Infected by Anthracnose Disease}, 
  year={2019},
  volume={7},
  number={},
  pages={43721-43729},
  doi={10.1109/ACCESS.2019.2907383},
  url={https://ieeexplore.ieee.org/document/8675730}
}
@article{26,
title = {Identification of rice diseases using deep convolutional neural networks},
journal = {Neurocomputing},
volume = {267},
pages = {378-384},
month= {Dec.},
year = {2017},
issn = {0925-2312},
doi = {https://doi.org/10.1016/j.neucom.2017.06.023},
url = {https://www.sciencedirect.com/science/article/pii/S0925231217311384},
author = {Yang Lu and Shujuan Yi and Nianyin Zeng and Yurong Liu and Yong Zhang},
}
@InProceedings{27,
author="Mokhtar, Usama and El Bendary, Nashwa and Hassenian, Aboul Ella and Emary, E.
        and Mahmoud, Mahmoud A. and Hefny, Hesham and Tolba, Mohamed F.",
editor="Filev, D. and Jab{\l}kowski, J. and Kacprzyk, J. and Krawczak, M. and Popchev, I.
        and Rutkowski, L. and Sgurev, V. and Sotirova, E. and Szynkarczyk, P. and Zadrozny, S.",
title="SVM-Based Detection of Tomato Leaves Diseases",
booktitle="Intelligent Systems'2014",
journal = {Advances in intelligent systems and computing},
year="2015",
publisher="Springer International Publishing",
address="Cham",
pages={641--652},
url={https://link.springer.com/chapter/10.1007/978-3-319-11310-4_55}
}
@InProceedings{28,
title="Identifying Two of Tomatoes Leaf Viruses Using Support Vector Machine",
author="Mokhtar, Usama and Ali, Mona A. S. and Hassanien, Aboul Ella and Hefny, Hesham",
editor="Mandal, J. K. and Satapathy, Suresh Chandra and Kumar Sanyal, Manas and Sarkar, Partha Pratim
        and Mukhopadhyay, Anirban",

booktitle="Information Systems Design and Intelligent Applications",
year="2015",
publisher="Springer India",
address="New Delhi",
volume={339},
pages={771--782},
isbn={978-81-322-2250-7},
url={https://link.springer.com/chapter/10.1007/978-3-319-11310-4_55}
}
@INPROCEEDINGS{29,
  author={Mokhtar, Usama and Ali, Mona A. S. and Hassenian, Aboul Ella and Hefny, Hesham},
  booktitle={2015 11th International Computer Engineering Conference (ICENCO)}, 
  title={Tomato leaves diseases detection approach based on Support Vector Machines}, 
  year={2015},
  month={Dec.},
  pages={246-250},
  doi={10.1109/ICENCO.2015.7416356},
  url={https://ieeexplore.ieee.org/abstract/document/7416356}
  }
@article{30,
    title = {An improved moth flame optimization algorithm based on rough sets for tomato diseases detection},
    journal = {Computers and Electronics in Agriculture},
    volume = {136},
    pages = {86-96},
    year = {2017},
    month={Apr.},
    issn = {0168-1699},
    doi = {https://doi.org/10.1016/j.compag.2017.02.026},
    url = {https://www.sciencedirect.com/science/article/pii/S0168169916308225},
    author = {Aboul Ella Hassanien and Tarek Gaber and Usama Mokhtar and Hesham Hefny},
}
@INPROCEEDINGS{31,
title={Tomato plant disease classification in digital images using classification tree}, 
  author={Sabrol, H. and Satish, K.},
  booktitle={2016 International Conference on Communication and Signal Processing (ICCSP)}, 
  year={2016},
  month={Apr.},
  pages={1242-1246},
  doi={10.1109/ICCSP.2016.7754351},
  url={https://ieeexplore.ieee.org/abstract/document/7754351}
}
@article{32,
title = {Tomato leaf segmentation algorithms for mobile phone applications using deep learning},
journal = {Computers and Electronics in Agriculture},
volume = {178},
pages = {105788},
year = {2020},
month={Nov.},
issn = {0168-1699},
doi = {https://doi.org/10.1016/j.compag.2020.105788},
url = {https://www.sciencedirect.com/science/article/pii/S0168169920306529},
author = {Lawrence C. Ngugi and Moataz Abdelwahab and Mohammed Abo-Zahhad},
}
@article{33,
title = {Tomato Diseases and Pests Detection Based on Improved Yolo V3 Convolutional Neural Network},
journal = {Frontiers Plant Sci.},
volume = {11},
pages = {898},
year = {2020},
month={Jun.},
doi = {https://doi.org/10.3389/fpls.2020.00898},
url = {https://www.frontiersin.org/articles/10.3389/fpls.2020.00898/full},
author = {J. Liu and X. Wang},
}
@ARTICLE{34,
 title={Deep Learning-Based Object Detection Improvement for Tomato Disease}, 
  author={Zhang, Yang and Song, Chenglong and Zhang, Dongwen},
  journal={IEEE Access}, 
  year={2020},
  volume={8},
  number={},
  pages={56607-56614},
  doi={10.1109/ACCESS.2020.2982456},
  url={https://ieeexplore.ieee.org/document/9044330}
}
@Article{35,
AUTHOR = {Fuentes, Alvaro and Yoon, Sook and Kim, Sang Cheol and Park, Dong Sun},
TITLE = {A Robust Deep-Learning-Based Detector for Real-Time Tomato Plant Diseases and Pests Recognition},
JOURNAL = {Sensors},
VOLUME = {17},
PAGES={2022},
YEAR = {2017},
NUMBER = {9},
ARTICLE-NUMBER = {2022},
URL = {https://www.mdpi.com/1424-8220/17/9/2022},
PubMedID = {28869539},
ISSN = {1424-8220},
DOI = {10.3390/s17092022}
}
@ARTICLE{36,
  author={J. Liu and X. Wang},
  journal={Plant Methods}, 
  title={Early recognition of tomato gray leaf spot disease based on MobileNetv2-YOLOv3 model}, 
  volume={16},
  year={2020},
  month={Dec.},
  number={1},
  pages={1--16},
  url={https://pubmed.ncbi.nlm.nih.gov/32523613/}
}
@article{37,
    author = {Mohammed Brahimi and Kamel Boukhalfa and Abdelouahab Moussaoui},
    title = {Deep Learning for Tomato Diseases: Classification and Symptoms Visualization},
    journal = {Applied Artificial Intelligence},
    volume = {31},
    number = {4},
    pages = {299-315},
    year  = {2017},
    publisher = {Taylor & Francis},
    doi = {10.1080/08839514.2017.1315516},
    URL = {https://doi.org/10.1080/08839514.2017.1315516},
}
@InProceedings{38,
    author="Fuentes, Alvaro and Im, Dong Hyeok and Yoon, Sook and Park, Dong Sun",
    editor="Rutkowski, Leszek and Korytkowski, Marcin and Scherer, Rafa{\l} and Tadeusiewicz, Ryszard
            and Zadeh, Lotfi A. and Zurada, Jacek M.",
    title="Spectral Analysis of CNN for Tomato Disease Identification",
    booktitle="Artificial Intelligence and Soft Computing",
    year="2017",
    volume="10245",
    publisher="Springer International Publishing",
    address="Cham",
    pages="40--51",
    isbn="978-3-319-59063-9",
    url={https://link.springer.com/chapter/10.1007/978-3-319-59063-9_4}
}
@ARTICLE{39,
  author={Yang, Guofeng and Chen, Guipeng and He, Yong and Yan, Zhiyan and Guo, Yang and Ding, Jian},
  journal={IEEE Access}, 
  title={Self-Supervised Collaborative Multi-Network for Fine-Grained Visual Categorization of Tomato Diseases}, 
  year={2020},
  volume={8},
  number={},
  pages={211912-211923},
  doi={10.1109/ACCESS.2020.3039345},
  url={https://ieeexplore.ieee.org/abstract/document/9264241}
}
@Article{40,
    AUTHOR = {Maeda-Gutiérrez, Valeria and Galván-Tejada, Carlos E. and Zanella-Calzada, Laura A. and Celaya-Padilla, José M. and Galván-Tejada, Jorge I. and Gamboa-Rosales, Hamurabi and Luna-García, Huizilopoztli and Magallanes-Quintanar, Rafael and Guerrero Méndez, Carlos A. and Olvera-Olvera, Carlos A.},
    TITLE = {Comparison of Convolutional Neural Network Architectures for Classification of Tomato Plant Diseases},
    JOURNAL = {Applied Sciences},
    VOLUME = {10},
    YEAR = {2020},
    MONTH={Feb.},
    NUMBER = {4},
    PAGES={1245},
    ARTICLE-NUMBER = {1245},
    URL = {https://www.mdpi.com/2076-3417/10/4/1245},
    ISSN = {2076-3417},
    DOI = {10.3390/app10041245}
}
@ARTICLE{41,
  author={Wu, Qiufeng and Chen, Yiping and Meng, Jun},
  journal={IEEE Access}, 
  title={DCGAN-Based Data Augmentation for Tomato Leaf Disease Identification}, 
  year={2020},
  volume={8},
  pages={98716-98728},
  doi={10.1109/ACCESS.2020.2997001},
  url={https://ieeexplore.ieee.org/abstract/document/9099295}
}
@article{42,
title = {Tomato crop disease classification using pre-trained deep learning algorithm},
journal = {Procedia Computer Science},
volume = {133},
pages = {1040-1047},
year = {2018},
month={Jan.},
issn = {1877-0509},
doi = {https://doi.org/10.1016/j.procs.2018.07.070},
url = {https://www.sciencedirect.com/science/article/pii/S1877050918310159},
author = {Aravind Krishnaswamy Rangarajan and Raja Purushothaman and Aniirudh Ramesh},
}
@article{43,
title = {Can Deep Learning Identify Tomato Leaf Disease?},
journal = {Adv. Multimedia},
volume = {2018},
pages = {1-10},
year = {2018},
month={Sep.},
doi = {https://doi.org/10.1155/2018/6710865},
url = {https://www.hindawi.com/journals/am/2018/6710865/},
author = {K. Zhang, Q. Wu, A. Liu, and X. Meng},
}
@article{44,
title = {Tomato plant disease detection using transfer learning with C-GAN synthetic images},
journal = {Computers and Electronics in Agriculture},
volume = {187},
pages = {106279},
year = {2021},
month={Aug.},
issn = {0168-1699},
doi = {https://doi.org/10.1016/j.compag.2021.106279},
url = {https://www.sciencedirect.com/science/article/pii/S0168169921002969},
author = {Amreen Abbas and Sweta Jain and Mahesh Gour and Swetha Vankudothu},
}
@INPROCEEDINGS{45,
  author={Durmuş, Halil and Güneş, Ece Olcay and Kırcı, Mürvet},
  booktitle={2017 6th International Conference on Agro-Geoinformatics}, 
  title={Disease detection on the leaves of the tomato plants by using deep learning}, 
  year={2017},
  month={Aug.},
  pages={1-5},
  doi={10.1109/Agro-Geoinformatics.2017.8047016},
  url={https://ieeexplore.ieee.org/abstract/document/8047016}  
}
@INPROCEEDINGS{46,
  author={Tm, Prajwala and Pranathi, Alla and SaiAshritha, Kandiraju and Chittaragi, Nagaratna B. and Koolagudi, Shashidhar G.},
  booktitle={2018 Eleventh International Conference on Contemporary Computing (IC3)}, 
  title={Tomato Leaf Disease Detection Using Convolutional Neural Networks}, 
  year={2018},
  month={Aug.},
  pages={1-5},
  doi={10.1109/IC3.2018.8530532},
  url={https://ieeexplore.ieee.org/abstract/document/8530532}
}
@INPROCEEDINGS{47,
  author={Bir, Paarth and Kumar, Rajesh and Singh, Ghanshyam},
  booktitle={2020 IEEE International Conference on Computing, Power and Communication Technologies (GUCON)}, 
  title={Transfer Learning based Tomato Leaf Disease Detection for mobile applications}, 
  year={2020},
  month={Oct.},
  pages={34-39},
  doi={10.1109/GUCON48875.2020.9231174},
  url={https://ieeexplore.ieee.org/abstract/document/9231174}
}
@ARTICLE{48,
  author={N. V. Chawla and K. W. Bowyer and L. O. Hall and W. P. Kegelmeyer},
  journal={J. Artif. Intell. Res.}, 
  title={SMOTE: Synthetic Minority Over-sampling Technique}, 
  year={2002},
  volume={16},
  pages={321--357},
  number={1},
  doi={https://doi.org/10.1613/jair.953},
  url={https://www.jair.org/index.php/jair/article/view/10302}
}
@ARTICLE{49,
  author={J. L. Leevy and T. M. Khoshgoftaar and R. A. Bauder and N. Seliya},
  journal={J. Big Data}, 
  title={A survey on addressing high-class imbalance in big data}, 
  year={2018},
  month={Dec.},
  volume={5},
  pages={1--30},
  number={1},
  doi={https://doi.org/10.1186/s40537-018-0151-6},
  url={https://link.springer.com/article/10.1186/s40537-018-0151-6}
}
@article{50,
title = {Underwater image de-scattering and classification by deep neural network},
journal = {Computers & Electrical Engineering},
volume = {54},
pages = {68-77},
year = {2016},
month={Aug.},
issn = {0045-7906},
doi = {https://doi.org/10.1016/j.compeleceng.2016.08.008},
url = {https://www.sciencedirect.com/science/article/pii/S0045790616302075},
author = {Yujie Li and Huimin Lu and Jianru Li and Xin Li and Yun Li and Seiichi Serikawa},
}
@article{51,
title = {Adaptive histogram equalization and its variations},
journal = {Computer Vision, Graphics, and Image Processing},
volume = {39},
number = {3},
pages = {355-368},
year = {1987},
issn = {0734-189X},
doi = {https://doi.org/10.1016/S0734-189X(87)80186-X},
url = {https://www.sciencedirect.com/science/article/pii/S0734189X8780186X},
author = {Stephen M. Pizer and E. Philip Amburn and John D. Austin and Robert Cromartie and Ari Geselowitz and Trey Greer and Bart {ter Haar Romeny} and John B. Zimmerman and Karel Zuiderveld},
}
@inproceedings{52,
author = {Kaufman, Shachar and Rosset, Saharon and Perlich, Claudia},
title = {Leakage in Data Mining: Formulation, Detection, and Avoidance},
year = {2012},
isbn = {9781450308137},
publisher = {Association for Computing Machinery},
address = {New York, NY, USA},
url = {https://doi.org/10.1145/2020408.2020496},
doi = {10.1145/2020408.2020496},
booktitle = {Proceedings of the 17th ACM SIGKDD International Conference on Knowledge Discovery and Data Mining},
pages = {1–21},
volume={6},
number={4},
keywords = {leakage, statistical inference, predictive modeling, data mining},
location = {San Diego, California, USA},
series = {KDD '11}
}

@InProceedings{53,
  title = 	 {Batch Normalization: Accelerating Deep Network Training by Reducing Internal Covariate Shift},
  author = 	 {Ioffe, Sergey and Szegedy, Christian},
  booktitle = 	 {Proceedings of the 32nd International Conference on Machine Learning},
  pages = 	 {448--456},
  year = 	 {2015},
  editor = 	 {Bach, Francis and Blei, David},
  volume = 	 {37},
  series = 	 {Proceedings of Machine Learning Research},
  address = 	 {Lille, France},
  month = 	 {07--09 Jul},
  publisher =    {PMLR},
  pdf = 	 {http://proceedings.mlr.press/v37/ioffe15.pdf},
  url = 	 {https://proceedings.mlr.press/v37/ioffe15.html},
}

@InProceedings{54,
  title = 	 {Deep Sparse Rectifier Neural Networks},
  author = 	 {Glorot, Xavier and Bordes, Antoine and Bengio, Yoshua},
  booktitle = 	 {Proceedings of the Fourteenth International Conference on Artificial Intelligence and Statistics},
  pages = 	 {315--323},
  year = 	 {2011},
  editor = 	 {Gordon, Geoffrey and Dunson, David and Dudík, Miroslav},
  volume = 	 {15},
  series = 	 {Proceedings of Machine Learning Research},
  address = 	 {Fort Lauderdale, FL, USA},
  month = 	 {11--13 Apr},
  publisher =    {PMLR},
  pdf = 	 {http://proceedings.mlr.press/v15/glorot11a/glorot11a.pdf},
  url = 	 {https://proceedings.mlr.press/v15/glorot11a.html},
}
@article{55,
    author = {Srivastava, Nitish and Hinton, Geoffrey and Krizhevsky, Alex and Sutskever, Ilya and Salakhutdinov, Ruslan},
    title = {Dropout: A Simple Way to Prevent Neural Networks from Overfitting},
    year = {2014},
    issue_date = {January 2014},
    publisher = {JMLR.org},
    volume = {15},
    number = {1},
    issn = {1532-4435},
    journal = {J. Mach. Learn. Res.},
    month = {Jan.},
    pages = {1929–1958},
    url={https://dl.acm.org/doi/10.5555/2627435.2670313}
}
@book{56,
    title={Deep Learning},
    author={Ian Goodfellow and Yoshua Bengio and Aaron Courville},
    publisher={MIT Press},
    url={http://www.deeplearningbook.org},
    year={2016}
}
@INPROCEEDINGS{57,
title={Mini-batch gradient descent: Faster convergence under data sparsity}, 
  author={Khirirat, Sarit and Feyzmahdavian, Hamid Reza and Johansson, Mikael},
  booktitle={2017 IEEE 56th Annual Conference on Decision and Control (CDC)}, 
  
  year={2017},
  url={https://ieeexplore.ieee.org/abstract/document/8264077},
  pages={2880-2887},
  doi={10.1109/CDC.2017.8264077}
}
@ARTICLE{58,
 title={Adam: A method for stochastic optimization}, 
  author={ D. P. Kingma and J. Ba},
  journal={Proc. 3rd Int. Conf. Learn. Represent. (ICLR)}, 
  year={2015},
  editor={Y. Bengio and Y. LeCun}
}
@ARTICLE{59,
  author={O. Russakovsky and J. Deng and H. Su and J. Krause and S. Satheesh and S. Ma and 
        Z. Huang and A. Karpathy and A. Khosla and M. Bernstein and A. C. Berg and L. Fei-Fei},
  journal={Int. J. Comput. Vis.}, 
  title={ImageNet large scale visual recognition challenge}, 
  year={2015},
  volume={115},
  number={3},
  pages={211--252},
  url={https://link.springer.com/article/10.1007/s11263-015-0816-y}
}
@INPROCEEDINGS{60,
  author={Selvaraju, Ramprasaath R. and Cogswell, Michael and Das, Abhishek and Vedantam, Ramakrishna and Parikh, Devi and Batra, Dhruv},
  booktitle={2017 IEEE International Conference on Computer Vision (ICCV)}, 
  title={Grad-CAM: Visual Explanations from Deep Networks via Gradient-Based Localization}, 
  year={2017},
  month={Oct.},
  url={https://ieeexplore.ieee.org/document/8237336},
  pages={618-626},
  doi={10.1109/ICCV.2017.74}
}
